@Preamble{{
%%%% REFERÊNCIAS
%%
%% Abaixo tem alguns exemplos que precisei usar no desenvolvimento do trabalho
%% mais exemplos podem ser encontrados no documento 'references-exemples.bib'
}}

@online{webLink,
  author = {Pinterest},
  title = {Estrutura de Trabalhos Acadêmicos},
  year = 2014,
  url = {"https://br.pinterest.com/pin/783767141372113028/"},
  urldate = {2018-08-01}
}
@online{Capes2018,
  author = {CAPES},
  title = {Tabela de Áreas de Conhecimento/Avaliação},
  journal = {The Journal of Bone \& Joint Surgery},
  url = {http://www.capes.gov.br/avaliacao/instrumentos-de-apoio/tabela-de-areas-do-conhecimento-avaliacao},
  urldate = {2018-08-01},
  year = {2018}
}
@book{Pressman2011,
 author = {Pressman, Roger},
 title = {Software Engineering: A Practitioner's Approach},
 year = {2011},
 isbn = {0073375977},
 edition = {7},
 publisher = {McGraw-Hill, Inc.},
 address = {New York, NY, USA}
} 

%% como referenciar dissertação no padrão da utfpr
@techreport{Mota2016,
  title={Bancos de dados geogr{\'a}ficos: uma abordagem orientada a grafos},
  author={Mota, Evandro Roberto},
  year={2016},
  address={Monografia (Graduação), Universidade de Brasília, Brasília},
  url= {https://repositorio.ufsc.br/handle/123456789/223655},
  urldate={2023-05-17},
}

%% como referenciar trabalho de conclusão de curso no padrão da utfpr
@techreport{Sampaio2016,
  title={Suporte {\`a} edi{\c{c}}{\~a}o cooperativa de Informa{\c{c}}{\~a}o Geogr{\'a}fica em ambiente Web},
  author={de Sampaio Faria, Nuno Andr{\'e}},
  year={2007},
  address={Dissertação (Mestrado), Universidade do Minho, Guimarães, PT},
  url={https://hdl.handle.net/1822/6351},
  urldate={2023-05-21},
}